

@misc{CDFnotes,
     collaboration = "CDF",
     note          = "CDF Notes 10500 7307 10439 10796 9999 10485 10798 8353 10799 10599 10573 10010 7712 10574",
     year          = ""
}

@misc{D0notes,
     collaboration = "D0",
     title         = "",
     note          = "D0 Notes 6083 6305 6227 6299 6301 6302 5739 5845 6286 5757 6296 6183 6295 6171 6309 6276 6304 5873",
     year          = ""
}

@misc{CMSnotes,
     collaboration = "CMS",
     title         = "",
     note          = "CMS Physics Analysis Summaries",
     year          = ""
}

@misc{ATLASnotes,
     collaboration = "ATLAS",
     title         = "",
     note          = "ATLAS CONF Notes 2012-160 2014-049 2012-135 2012-161 2012-092 2012-018 2012-012 2013-010 2013-013 2012-019 2012-168 2012-078 2014-050 2012-017 2012-016 2011-094 2013-030 2011-157",
     year          = ""
}

@misc{LHWGnotes,
     collaboration = "LHWG",
     title         = "",
     note          = "LHWG Notes 2002-02",
     year          = ""
}

% Save this file and include it in your paper as the bibliography
% or cut and paste directly into your LaTeX

@Article{arXiv:0811.4169,
    author    = "Bechtle, Philip and Brein, Oliver and Heinemeyer, Sven and
                 Weiglein, Georg and Williams, Karina E.",
    title     = "{HiggsBounds: Confronting Arbitrary Higgs Sectors with
                 Exclusion Bounds from LEP and the Tevatron}",
    journal   = "Comput. Phys. Commun.",
    volume    = "181",
    year      = "2010",
    pages     = "138-167",
    eprint    = "0811.4169",
    archivePrefix = "arXiv",
    primaryClass  =  "hep-ph",
    doi       = "10.1016/j.cpc.2009.09.003",
    SLACcitation  = "%%CITATION = 0811.4169;%%"
}

@Article{arXiv:1102.1898,
    author    = "Bechtle, Philip and Brein, Oliver and Heinemeyer, Sven and
                 Weiglein, Georg and Williams, Karina E.",
    title     = "{HiggsBounds 2.0.0: Confronting Neutral and Charged Higgs
                 Sector Predictions with Exclusion Bounds from LEP and the
                 Tevatron}",
    journal   = "Comput. Phys. Commun.",
    volume    = "182",
    year      = "2011",
    pages     = "2605-2631",
    eprint    = "1102.1898",
    archivePrefix = "arXiv",
    primaryClass  =  "hep-ph",
    doi       = "10.1016/j.cpc.2011.07.015",
    SLACcitation  = "%%CITATION = 1102.1898;%%"
}

@Article{arXiv:1301.2345,
    author    = "Bechtle, Philip and others",
    title     = "{Recent Developments in HiggsBounds and a Preview of
                 HiggsSignals}",
    journal   = "PoS",
    volume    = "CHARGED2012",
    year      = "2012",
    pages     = "024",
    eprint    = "1301.2345",
    archivePrefix = "arXiv",
    primaryClass  =  "hep-ph",
    SLACcitation  = "%%CITATION = 1301.2345;%%"
}

@Article{arXiv:1311.0055,
    author    = "Bechtle, Philip and others",
    title     = "{HiggsBounds-4: Improved Tests of Extended Higgs Sectors
                 against Exclusion Bounds from LEP, the Tevatron and the
                 LHC}",
    journal   = "Eur. Phys. J.",
    volume    = "C74",
    year      = "2014",
    pages     = "2693",
    eprint    = "1311.0055",
    archivePrefix = "arXiv",
    primaryClass  =  "hep-ph",
    SLACcitation  = "%%CITATION = 1311.0055;%%"
}

@Article{arXiv:1507.06706,
    author    = "Bechtle, Philip and Heinemeyer, Sven and Stal, Oscar and
                 Stefaniak, Tim and Weiglein, Georg",
    title     = "{Applying Exclusion Likelihoods from LHC Searches to
                 Extended Higgs Sectors}",
    year      = "2015",
    eprint    = "1507.06706",
    archivePrefix = "arXiv",
    primaryClass  =  "hep-ph",
    SLACcitation  = "%%CITATION = 1507.06706;%%"
}

@Article{arXiv:1207.7214,
    author    = "",
collaboration = "ATLAS",
    title     = "{Observation of a new particle in the search for the
                 Standard Model Higgs boson with the ATLAS detector at the
                 LHC}",
    journal   = "Phys. Lett.",
    volume    = "B716",
    year      = "2012",
    pages     = "1-29",
    eprint    = "1207.7214",
    archivePrefix = "arXiv",
    primaryClass  =  "hep-ex",
    doi       = "10.1016/j.physletb.2012.08.020",
    SLACcitation  = "%%CITATION = 1207.7214;%%"
}

% No SPIRES record found for cite request arXiv:1509.0038

@Article{arXiv:1011.1931,
    author    = "Abazov, Victor Mukhamedovich and others",
collaboration = "D0",
    title     = "{Search for neutral Higgs bosons in the multi-b-jet
                 topology in 5.2fb-1 of ppbar collisions at sqrt(s)=1.96
                 TeV}",
    journal   = "Phys. Lett.",
    volume    = "B698",
    year      = "2011",
    pages     = "97-104",
    eprint    = "1011.1931",
    archivePrefix = "arXiv",
    primaryClass  =  "hep-ex",
    doi       = "10.1016/j.physletb.2011.02.062",
    SLACcitation  = "%%CITATION = 1011.1931;%%"
}

@Article{hep-ex/0206022,
    author    = "Abbiendi, G. and others",
collaboration = "OPAL",
    title     = "{Decay-mode independent searches for new scalar bosons with
                 the OPAL  detector at LEP}",
    journal   = "Eur. Phys. J.",
    volume    = "C27",
    year      = "2003",
    pages     = "311-329",
    eprint    = "hep-ex/0206022",
    archivePrefix = "arXiv",
    doi       = "10.1140/epjc/s2002-01115-1",
    SLACcitation  = "%%CITATION = HEP-EX/0206022;%%"
}

@Article{arXiv:1202.1488,
    author    = "Chatrchyan, Serguei",
collaboration = "CMS",
    title     = "{Combined results of searches for the standard model Higgs
                 boson in pp collisions at sqrt(s) = 7 TeV}",
    journal   = "Phys. Lett.",
    volume    = "B710",
    year      = "2012",
    pages     = "26-48",
    eprint    = "1202.1488",
    archivePrefix = "arXiv",
    primaryClass  =  "hep-ex",
    doi       = "10.1016/j.physletb.2012.02.064",
    SLACcitation  = "%%CITATION = 1202.1488;%%"
}

@Article{arXiv:1008.3564,
    author    = "Abazov, Victor Mukhamedovich and others",
collaboration = "D0",
    title     = "{Search for $ZH \rightarrow \ell^+\ell^-b\bar{b}$
                 production in $4.2$~fb$^{-1}$ of $p\bar{p}$ collisions at
                 $\sqrt{s}=1.96$ TeV}",
    journal   = "Phys. Rev. Lett.",
    volume    = "105",
    year      = "2010",
    pages     = "251801",
    eprint    = "1008.3564",
    archivePrefix = "arXiv",
    primaryClass  =  "hep-ex",
    doi       = "10.1103/PhysRevLett.105.251801",
    SLACcitation  = "%%CITATION = 1008.3564;%%"
}

@Article{arXiv:1106.4782,
    author    = "Aaltonen, T. and others",
collaboration = "CDF",
    title     = "{Search for Higgs Bosons Produced in Association with b-
                 Quarks}",
    journal   = "Phys. Rev.",
    volume    = "D85",
    year      = "2012",
    pages     = "032005",
    eprint    = "1106.4782",
    archivePrefix = "arXiv",
    primaryClass  =  "hep-ex",
    doi       = "10.1103/PhysRevD.85.032005",
    SLACcitation  = "%%CITATION = 1106.4782;%%"
}

@Article{arXiv:1108.3331,
    author    = "Benjamin, Doug and others",
collaboration = "CDF",
    title     = "{Combined CDF and D0 upper limits on gg->H W+W- and
                 constraints on the Higgs boson mass in fourth-generation
                 fermion models with up to 8.2 fb-1 of data}",
    year      = "2011",
    eprint    = "1108.3331",
    archivePrefix = "arXiv",
    primaryClass  =  "hep-ex",
    SLACcitation  = "%%CITATION = 1108.3331;%%"
}

@Article{arXiv:1202.1997,
    author    = "Chatrchyan, Serguei",
collaboration = "CMS",
    title     = "{Search for the standard model Higgs boson in the decay
                 channel H to ZZ to 4 leptons in pp collisions at sqrt(s) =
                 7 TeV}",
    journal   = "Phys. Rev. Lett.",
    volume    = "108",
    year      = "2012",
    pages     = "111804",
    eprint    = "1202.1997",
    archivePrefix = "arXiv",
    primaryClass  =  "hep-ex",
    doi       = "10.1103/PhysRevLett.108.111804",
    SLACcitation  = "%%CITATION = 1202.1997;%%"
}

@Article{arXiv:0707.0373,
    author    = "Abbiendi, G. and others",
collaboration = "OPAL",
    title     = "{Search for invisibly decaying Higgs bosons in $e^+e^- \to
                 Z^0 h^0$ production at $\sqrt{s}$=183 - 209 GeV}",
    journal   = "Phys. Lett.",
    volume    = "B682",
    year      = "2010",
    pages     = "381-390",
    eprint    = "0707.0373",
    archivePrefix = "arXiv",
    primaryClass  =  "hep-ex",
    doi       = "10.1016/j.physletb.2009.09.010",
    SLACcitation  = "%%CITATION = 0707.0373;%%"
}

@Article{arXiv:1506.02301,
    author    = ",",
collaboration = "CMS",
    title     = "{Search for diphoton resonances in the mass range from 150
                 to 850 GeV in pp collisions at sqrt(s) = 8 TeV}",
    journal   = "Phys. Lett.",
    volume    = "B750",
    year      = "2015",
    pages     = "494",
    eprint    = "1506.02301",
    archivePrefix = "arXiv",
    primaryClass  =  "hep-ex",
    SLACcitation  = "%%CITATION = 1506.02301;%%"
}

@Article{arXiv:0806.0611,
    author    = "Abazov, V. M. and others",
collaboration = "D0",
    title     = "{Search for a scalar or vector particle decaying into
                 Zgamma in p anti-p collisions at s**(1/2) = 1.96-TeV}",
    journal   = "Phys. Lett.",
    volume    = "B671",
    year      = "2009",
    pages     = "349-355",
    eprint    = "0806.0611",
    archivePrefix = "arXiv",
    primaryClass  =  "hep-ex",
    doi       = "10.1016/j.physletb.2008.12.009",
    SLACcitation  = "%%CITATION = 0806.0611;%%"
}

@Article{hep-ex/0111010,
    author    = "Abbiendi, G. and others",
collaboration = "OPAL",
    title     = "{Search for Yukawa production of a light neutral Higgs
                 boson at LEP}",
    journal   = "Eur. Phys. J.",
    volume    = "C23",
    year      = "2002",
    pages     = "397-407",
    eprint    = "hep-ex/0111010",
    archivePrefix = "arXiv",
    doi       = "10.1007/s100520200896",
    SLACcitation  = "%%CITATION = HEP-EX/0111010;%%"
}

@Article{arXiv:1402.3051,
    author    = ",",
collaboration = "ATLAS",
    title     = "{Search for Higgs boson decays to a photon and a Z boson in
                 pp collisions at sqrt(s)=7 and 8 TeV with the ATLAS
                 detector}",
    journal   = "Phys. Lett.",
    volume    = "B732",
    year      = "2014",
    pages     = "8-27",
    eprint    = "1402.3051",
    archivePrefix = "arXiv",
    primaryClass  =  "hep-ex",
    doi       = "10.1016/j.physletb.2014.03.015",
    SLACcitation  = "%%CITATION = 1402.3051;%%"
}

@Article{arXiv:1107.1268,
    author    = "Abazov, V. M. and others",
collaboration = "D0",
    title     = "{Search for associated Higgs boson production using like
                 charge dilepton events in ppbar collisions at sqrt{s} =
                 1.96 TeV}",
    journal   = "Phys. Rev.",
    volume    = "D84",
    year      = "2011",
    pages     = "092002",
    eprint    = "1107.1268",
    archivePrefix = "arXiv",
    primaryClass  =  "hep-ex",
    doi       = "10.1103/PhysRevD.84.092002",
    SLACcitation  = "%%CITATION = 1107.1268;%%"
}

@Article{hep-ex/0501033,
    author    = "Achard, P. and others",
collaboration = "L3",
    title     = "{Search for an invisibly-decaying Higgs boson at LEP}",
    journal   = "Phys. Lett.",
    volume    = "B609",
    year      = "2005",
    pages     = "35-48",
    eprint    = "hep-ex/0501033",
    archivePrefix = "arXiv",
    doi       = "10.1016/j.physletb.2005.01.030",
    SLACcitation  = "%%CITATION = HEP-EX/0501033;%%"
}

@Article{arXiv:1509.04670,
    author    = ",",
collaboration = "ATLAS",
    title     = "{Searches for Higgs boson pair production in the $hh\to
                 bb\tau\tau, \gamma\gamma WW*, \gamma\gamma bb, bbbb$
                 channels with the ATLAS detector}",
    journal   = "",
    volume    = "",
    year      = "2015",
    pages     = "",
    year      = "2015",
    eprint    = "1509.04670",
    archivePrefix = "arXiv",
    primaryClass  =  "hep-ex",
    SLACcitation  = "%%CITATION = 1509.04670;%%"
}

@Article{arXiv:1012.0874,
    author    = "Abazov, Victor Mukhamedovich and others",
collaboration = "D0",
    title     = "{Search for $WH$ associated production in 5.3 fb$^{-1}$ of
                 $p\bar{p}$ collisions at the Fermilab Tevatron}",
    journal   = "Phys. Lett.",
    volume    = "B698",
    year      = "2011",
    pages     = "6-13",
    eprint    = "1012.0874",
    archivePrefix = "arXiv",
    primaryClass  =  "hep-ex",
    doi       = "10.1016/j.physletb.2011.02.036",
    SLACcitation  = "%%CITATION = 1012.0874;%%"
}

@Article{arXiv:1402.3244,
    author    = ",",
collaboration = "ATLAS",
    title     = "{Search for Invisible Decays of a Higgs Boson Produced in
                 Association with a Z Boson in ATLAS}",
    journal   = "",
    volume    = "",
    year      = "2014",
    pages     = "",
    year      = "2014",
    eprint    = "1402.3244",
    archivePrefix = "arXiv",
    primaryClass  =  "hep-ex",
    SLACcitation  = "%%CITATION = 1402.3244;%%"
}

@Article{arXiv:1112.2577,
    author    = "Aad, Georges",
collaboration = "ATLAS",
    title     = "{Search for the Higgs boson in the H->WW(*)->lvlv decay
                 channel in pp collisions at sqrt{s} = 7 TeV with the ATLAS
                 detector}",
    journal   = "Phys. Rev. Lett.",
    volume    = "108",
    year      = "2012",
    pages     = "111802",
    eprint    = "1112.2577",
    archivePrefix = "arXiv",
    primaryClass  =  "hep-ex",
    doi       = "10.1103/PhysRevLett.108.111802",
    SLACcitation  = "%%CITATION = 1112.2577;%%"
}

@Article{arXiv:0908.1811,
    author    = "Abazov, V. M. and others",
collaboration = "D0",
    title     = "{Search for charged Higgs bosons in top quark decays}",
    journal   = "Phys. Lett.",
    volume    = "B682",
    year      = "2009",
    pages     = "278-286",
    eprint    = "0908.1811",
    archivePrefix = "arXiv",
    primaryClass  =  "hep-ex",
    doi       = "10.1016/j.physletb.2009.11.016",
    SLACcitation  = "%%CITATION = 0908.1811;%%"
}

@Article{arXiv:1307.5515,
    author    = ",",
collaboration = "CMS",
    title     = "{Search for a Higgs boson decaying into a Z and a photon in
                 pp collisions at sqrt(s) = 7 and 8 TeV}",
    journal   = "Phys. Lett.",
    volume    = "B726",
    year      = "2013",
    pages     = "587",
    eprint    = "1307.5515",
    archivePrefix = "arXiv",
    primaryClass  =  "hep-ex",
    SLACcitation  = "%%CITATION = 1307.5515;%%"
}

@Article{arXiv:1001.4481,
    author    = "Abazov, V. M. and others",
collaboration = "D0",
    title     = "{Search for Higgs boson production in dilepton and missing
                 energy final states with ~5.4 $\bm{\mathrm{fb^{-1}}}$ of
                 $\bm{p\bar{p}}$ collisions at $\bm{\sqrt $s$ =1.96}$ TeV}",
    journal   = "Phys. Rev. Lett.",
    volume    = "104",
    year      = "2010",
    pages     = "061804",
    eprint    = "1001.4481",
    archivePrefix = "arXiv",
    primaryClass  =  "hep-ex",
    doi       = "10.1103/PhysRevLett.104.061804",
    SLACcitation  = "%%CITATION = 1001.4481;%%"
}

@Article{arXiv:1202.3478,
    author    = "Chatrchyan, Serguei",
collaboration = "CMS",
    title     = "{Search for the standard model Higgs boson in the H to ZZ
                 to 2l 2nu channel in pp collisions at sqrt(s) = 7 TeV}",
    journal   = "JHEP",
    volume    = "03",
    year      = "2012",
    pages     = "040",
    eprint    = "1202.3478",
    archivePrefix = "arXiv",
    primaryClass  =  "hep-ex",
    doi       = "10.1007/JHEP03(2012)040",
    SLACcitation  = "%%CITATION = 1202.3478;%%"
}

@Article{hep-ex/0410017,
    author    = "Abdallah, J. and others",
collaboration = "DELPHI",
    title     = "{Searches for neutral Higgs bosons in extended models}",
    journal   = "Eur. Phys. J.",
    volume    = "C38",
    year      = "2004",
    pages     = "1-28",
    eprint    = "hep-ex/0410017",
    archivePrefix = "arXiv",
    doi       = "10.1140/epjc/s2004-02011-4",
    SLACcitation  = "%%CITATION = HEP-EX/0410017;%%"
}

@Article{arXiv:1404.1344,
    author    = ",",
collaboration = "CMS",
    title     = "{Search for invisible decays of Higgs bosons in the vector
                 boson fusion and associated ZH production modes}",
    journal   = "Eur. Phys. J.",
    volume    = "C74",
    year      = "2014",
    pages     = "2980",
    eprint    = "1404.1344",
    archivePrefix = "arXiv",
    primaryClass  =  "hep-ex",
    SLACcitation  = "%%CITATION = 1404.1344;%%"
}

@Article{arXiv:1202.1416,
    author    = "Chatrchyan, Serguei",
collaboration = "CMS",
    title     = "{Search for a Higgs boson in the decay channel H to ZZ(*)
                 to q qbar l-l+ in pp collisions at sqrt(s) = 7 TeV}",
    journal   = "JHEP",
    volume    = "04",
    year      = "2012",
    pages     = "036",
    eprint    = "1202.1416",
    archivePrefix = "arXiv",
    primaryClass  =  "hep-ex",
    doi       = "10.1007/JHEP04(2012)036",
    SLACcitation  = "%%CITATION = 1202.1416;%%"
}

@Article{arXiv:1406.7663,
    author    = ",",
collaboration = "ATLAS",
    title     = "{Search for the Standard Model Higgs boson decay to
                 $\mu^{+}\mu^{-}$ with the ATLAS detector}",
    journal   = "Physics Letters",
    volume    = "B738",
    year      = "2014",
    pages     = "68-86",
    eprint    = "1406.7663",
    archivePrefix = "arXiv",
    primaryClass  =  "hep-ex",
    SLACcitation  = "%%CITATION = 1406.7663;%%"
}

@Article{hep-ex/0107034,
    author    = "",
collaboration = "LEP Higgs Working Group for Higgs boson searches",
    title     = "{Flavor independent search for hadronically decaying
                 neutral Higgs  bosons at LEP}",
    year      = "2001",
    eprint    = "hep-ex/0107034",
    archivePrefix = "arXiv",
    SLACcitation  = "%%CITATION = HEP-EX/0107034;%%"
}

@Article{arXiv:1204.2760,
    author    = "Aad, Georges",
collaboration = "ATLAS",
    title     = "{Search for charged Higgs bosons decaying via H+ -> tau nu
                 in top quark pair events using pp collision data at sqrt(s)
                 = 7 TeV with the ATLAS detector}",
    journal   = "JHEP",
    volume    = "06",
    year      = "2012",
    pages     = "039",
    eprint    = "1204.2760",
    archivePrefix = "arXiv",
    primaryClass  =  "hep-ex",
    doi       = "10.1007/JHEP06(2012)039",
    SLACcitation  = "%%CITATION = 1204.2760;%%"
}

% No SPIRES record found for cite request arXiv:1504.0093

@Article{arXiv:1108.5064,
    author    = "Aad, Georges",
collaboration = "ATLAS",
    title     = "{Search for a heavy Standard Model Higgs boson in the
                 channel H->ZZ->llqq using the ATLAS detector}",
    journal   = "Phys. Lett.",
    volume    = "B707",
    year      = "2012",
    pages     = "27-45",
    eprint    = "1108.5064",
    archivePrefix = "arXiv",
    primaryClass  =  "hep-ex",
    doi       = "10.1016/j.physletb.2011.11.056",
    SLACcitation  = "%%CITATION = 1108.5064;%%"
}

@Article{arXiv:0906.1014,
    author    = "Aaltonen, T. and others",
collaboration = "CDF",
    title     = "{Search for Higgs bosons predicted in two-Higgs-doublet
                 models via decays to tau lepton pairs in 1.96 TeV proton-
                 antiproton collisions}",
    journal   = "Phys. Rev. Lett.",
    volume    = "103",
    year      = "2009",
    pages     = "201801",
    eprint    = "0906.1014",
    archivePrefix = "arXiv",
    primaryClass  =  "hep-ex",
    doi       = "10.1103/PhysRevLett.103.201801",
    SLACcitation  = "%%CITATION = 0906.1014;%%"
}

@Article{arXiv:1109.3357,
    author    = " and others",
collaboration = "ATLAS",
    title     = "{Search for a Standard Model Higgs boson in the H->ZZ-
llnunu decay channel with the ATLAS detector}",
    journal   = "Phys. Rev. Lett.",
    volume    = "107",
    year      = "2011",
    pages     = "221802",
    eprint    = "1109.3357",
    archivePrefix = "arXiv",
    primaryClass  =  "hep-ex",
    doi       = "10.1103/PhysRevLett.107.221802",
    SLACcitation  = "%%CITATION = 1109.3357;%%"
}

@Article{arXiv:1202.1415,
    author    = "Aad, G. and others",
collaboration = "ATLAS",
    title     = "{Search for the Standard Model Higgs boson in the decay
                 channel H->ZZ(*)->4l with 4.8 fb-1 of pp collision data at
                 sqrt(s) = 7 TeV with ATLAS}",
    journal   = "Phys. Lett.",
    volume    = "B710",
    year      = "2012",
    pages     = "383-402",
    eprint    = "1202.1415",
    archivePrefix = "arXiv",
    primaryClass  =  "hep-ex",
    doi       = "10.1016/j.physletb.2012.03.005",
    SLACcitation  = "%%CITATION = 1202.1415;%%"
}

@Article{hep-ex/0107032,
    author    = "",
collaboration = "LEP Higgs Working for Higgs boson searches",
    title     = "{Searches for Invisible Higgs bosons: Preliminary combined
                 results using LEP data collected at energies up to 209
                 GeV}",
    year      = "2001",
    eprint    = "hep-ex/0107032",
    archivePrefix = "arXiv",
    SLACcitation  = "%%CITATION = HEP-EX/0107032;%%"
}

@Article{arXiv:1001.4468,
    author    = "Aaltonen, T. and others",
collaboration = "CDF",
    title     = "{Inclusive Search for Standard Model Higgs Boson Production
                 in the WW Decay Channel using the CDF II Detector}",
    journal   = "Phys. Rev. Lett.",
    volume    = "104",
    year      = "2010",
    pages     = "061803",
    eprint    = "1001.4468",
    archivePrefix = "arXiv",
    primaryClass  =  "hep-ex",
    doi       = "10.1103/PhysRevLett.104.061803",
    SLACcitation  = "%%CITATION = 1001.4468;%%"
}

@Article{arXiv:1109.3615,
    author    = " and others",
collaboration = "ATLAS",
    title     = "{Search for the Higgs boson in the H->WW->lvjj decay
                 channel in pp collisions at sqrt{s} = 7 TeV with the ATLAS
                 detector}",
    journal   = "Phys. Rev. Lett.",
    volume    = "107",
    year      = "2011",
    pages     = "231801",
    eprint    = "1109.3615",
    archivePrefix = "arXiv",
    primaryClass  =  "hep-ex",
    doi       = "10.1103/PhysRevLett.107.231801",
    SLACcitation  = "%%CITATION = 1109.3615;%%"
}

@Article{hep-ex/0401022,
    author    = "Abdallah, J. and others",
collaboration = "DELPHI",
    title     = "{Searches for invisibly decaying Higgs bosons with the
                 DELPHI detector  at LEP}",
    journal   = "Eur. Phys. J.",
    volume    = "C32",
    year      = "2004",
    pages     = "475-492",
    eprint    = "hep-ex/0401022",
    archivePrefix = "arXiv",
    doi       = "10.1140/epjc/s2003-01469-8",
    SLACcitation  = "%%CITATION = HEP-EX/0401022;%%"
}

@Article{arXiv:1504.00936,
    author    = ",",
collaboration = "CMS",
    title     = "{Search for a Higgs boson in the mass range from 145 to
                 1000 GeV decaying to a pair of W or Z bosons}",
    year      = "2015",
    eprint    = "1504.00936",
    archivePrefix = "arXiv",
    primaryClass  =  "hep-ex",
    SLACcitation  = "%%CITATION = 1504.00936;%%"
}

@Article{arXiv:1409.6064,
    author    = ",",
collaboration = "ATLAS",
    title     = "{Search for neutral Higgs bosons of the minimal
                 supersymmetric standard model in pp collisions at
                 $\sqrt{s}$ = 8 TeV with the ATLAS detector}",
    journal   = "",
    volume    = "",
    year      = "2014",
    pages     = "",
    year      = "2014",
    eprint    = "1409.6064",
    archivePrefix = "arXiv",
    primaryClass  =  "hep-ex",
    SLACcitation  = "%%CITATION = 1409.6064;%%"
}

@Article{hep-ex/0107031,
    author    = "",
collaboration = "LEP Higgs Working Group for Higgs boson searches",
    title     = "{Search for charged Higgs bosons: Preliminary combined
                 results using LEP  data collected at energies up to 209-
                 GeV}",
    year      = "2001",
    eprint    = "hep-ex/0107031",
    archivePrefix = "arXiv",
    SLACcitation  = "%%CITATION = HEP-EX/0107031;%%"
}

@Article{arXiv:1207.0449,
    author    = "Group, CDF and D0 Collaborations and the Tevatron New Physics an
                 ",
collaboration = "Tevatron New Physics Higgs Working Group",
    title     = "{Updated Combination of CDF and D0 Searches for Standard
                 Model Higgs Boson Production with up to 10.0 fb$^{-1}$ of
                 Data}",
    year      = "2012",
    eprint    = "1207.0449",
    archivePrefix = "arXiv",
    primaryClass  =  "hep-ex",
    SLACcitation  = "%%CITATION = 1207.0449;%%"
}

@Article{arXiv:1507.05930,
    author    = ",",
collaboration = "ATLAS",
    title     = "{Search for an additional, heavy Higgs boson in the
                 $H\rightarrow ZZ$ decay channel at $\sqrt{s}$ = 8 TeV in
                 $pp$ collision data with the ATLAS detector}",
    year      = "2015",
    eprint    = "1507.05930",
    archivePrefix = "arXiv",
    primaryClass  =  "hep-ex",
    SLACcitation  = "%%CITATION = 1507.05930;%%"
}

@Article{arXiv:1106.4885,
    author    = "Abazov, Victor Mukhamedovich and others",
collaboration = "D0",
    title     = "{Search for neutral Higgs bosons decaying to tau pairs
                 produced in association with b quarks in ppbar collisions
                 at sqrt(s)=1.96 TeV}",
    journal   = "Phys. Rev. Lett.",
    volume    = "107",
    year      = "2011",
    pages     = "121801",
    eprint    = "1106.4885",
    archivePrefix = "arXiv",
    primaryClass  =  "hep-ex",
    doi       = "10.1103/PhysRevLett.107.121801",
    SLACcitation  = "%%CITATION = 1106.4885;%%"
}

@Article{arXiv:0907.1269,
    author    = "Aaltonen, T. and others",
collaboration = "CDF",
    title     = "{Search for charged Higgs bosons in decays of top quarks in
                 $p-\bar{p}$ collisions at $\sqrt{s} = 1.96$ TeV}",
    journal   = "Phys. Rev. Lett.",
    volume    = "103",
    year      = "2009",
    pages     = "101803",
    eprint    = "0907.1269",
    archivePrefix = "arXiv",
    primaryClass  =  "hep-ex",
    doi       = "10.1103/PhysRevLett.103.101803",
    SLACcitation  = "%%CITATION = 0907.1269;%%"
}

@Article{arXiv:1207.6436,
    author    = "Aaltonen, T. and others",
collaboration = "CDF",
    title     = "{Evidence for a particle produced in association with weak
                 bosons and decaying to a bottom-antibottom quark pair in
                 Higgs boson searches at the Tevatron}",
    journal   = "Phys. Rev. Lett.",
    volume    = "109",
    year      = "2012",
    pages     = "071804",
    eprint    = "1207.6436",
    archivePrefix = "arXiv",
    primaryClass  =  "hep-ex",
    doi       = "10.1103/PhysRevLett.109.071804",
    SLACcitation  = "%%CITATION = 1207.6436;%%"
}

% No SPIRES record found for cite request arXiv:1509.0467

@Article{arXiv:1106.4555,
    author    = "Abazov, Victor Mukhamedovich and others",
collaboration = "D0",
    title     = "{Search for Higgs bosons decaying to tautau pairs in ppbar
                 collisions at sqrt(s) = 1.96 TeV}",
    journal   = "Phys. Lett.",
    volume    = "B707",
    year      = "2012",
    pages     = "323-329",
    eprint    = "1106.4555",
    archivePrefix = "arXiv",
    primaryClass  =  "hep-ex",
    doi       = "10.1016/j.physletb.2011.12.050",
    SLACcitation  = "%%CITATION = 1106.4555;%%"
}

@Article{arXiv:1003.3363,
    author    = "Benjamin, Doug and others",
collaboration = "Tevatron New Phenomena and Higgs Working Group",
    title     = "{Combined CDF and D0 upper limits on MSSM Higgs boson
                 production in tau-tau final states with up to 2.2 fb-1}",
    year      = "2010",
    eprint    = "1003.3363",
    archivePrefix = "arXiv",
    primaryClass  =  "hep-ex",
    SLACcitation  = "%%CITATION = 1003.3363;%%"
}

@Article{arXiv:0905.3381,
    author    = "Abazov, V. M. and others",
collaboration = "D0",
    title     = "{Search for NMSSM Higgs bosons in the $h \to a a
                 \to\mu\mu\: \mu\mu, \mu\mu \: \tau\tau$ channels using $p
                 \bar{p}$ collisions at $\sqrt{s}$=1.96 TeV}",
    journal   = "Phys. Rev. Lett.",
    volume    = "103",
    year      = "2009",
    pages     = "061801",
    eprint    = "0905.3381",
    archivePrefix = "arXiv",
    primaryClass  =  "hep-ex",
    doi       = "10.1103/PhysRevLett.103.061801",
    SLACcitation  = "%%CITATION = 0905.3381;%%"
}

@Article{arXiv:1406.5053,
    author    = ",",
collaboration = "ATLAS",
    title     = "{Search For Higgs Boson Pair Production in the
                 $\gamma\gamma b\bar{b}$ Final State using $pp$ Collision
                 Data at $\sqrt{s}=8$ TeV from the ATLAS Detector}",
    journal   = "",
    volume    = "",
    year      = "2014",
    pages     = "",
    year      = "2014",
    eprint    = "1406.5053",
    archivePrefix = "arXiv",
    primaryClass  =  "hep-ex",
    SLACcitation  = "%%CITATION = 1406.5053;%%"
}

@Article{arXiv:1107.4960,
    author    = " and others",
collaboration = "TEVNPH Working Group",
    title     = "{Combined CDF and D0 Searches for the Standard Model Higgs
                 Boson Decaying to Two Photons with up to 8.2 fb^-1}",
    year      = "2011",
    eprint    = "1107.4960",
    archivePrefix = "arXiv",
    primaryClass  =  "hep-ex",
    SLACcitation  = "%%CITATION = 1107.4960;%%"
}

% No SPIRES record found for cite request arXiv:1506.0230

@Article{arXiv:0809.3930,
    author    = "Aaltonen, T. and others",
collaboration = "CDF",
    title     = "{Search for a Higgs Boson Decaying to Two W Bosons at
                 CDF}",
    journal   = "Phys. Rev. Lett.",
    volume    = "102",
    year      = "2009",
    pages     = "021802",
    eprint    = "0809.3930",
    archivePrefix = "arXiv",
    primaryClass  =  "hep-ex",
    doi       = "10.1103/PhysRevLett.102.021802",
    SLACcitation  = "%%CITATION = 0809.3930;%%"
}

@Article{arXiv:1202.1414,
    author    = "Aad, Georges",
collaboration = "ATLAS",
    title     = "{Search for the Standard Model Higgs boson in the diphoton
                 decay channel with 4.9 fb$^{-1}$ of $pp$ collisions at
                 $\sqrt{s}=7$ TeV with ATLAS}",
    journal   = "Phys. Rev. Lett.",
    volume    = "108",
    year      = "2012",
    pages     = "111803",
    eprint    = "1202.1414",
    archivePrefix = "arXiv",
    primaryClass  =  "hep-ex",
    doi       = "10.1103/PhysRevLett.108.111803",
    SLACcitation  = "%%CITATION = 1202.1414;%%"
}

@Article{hep-ex/0602042,
    author    = "Schael, S. and others",
collaboration = "ALEPH",
    title     = "{Search for neutral MSSM Higgs bosons at LEP}",
    journal   = "Eur. Phys. J.",
    volume    = "C47",
    year      = "2006",
    pages     = "547-587",
    eprint    = "hep-ex/0602042",
    archivePrefix = "arXiv",
    doi       = "10.1140/epjc/s2006-02569-7",
    SLACcitation  = "%%CITATION = HEP-EX/0602042;%%"
}

@Article{arXiv:0906.5613,
    author    = "Aaltonen, T. and others",
collaboration = "CDF",
    title     = "{Search for a Higgs Boson in $W H \to \ell \nu b \bar{b}$
                 in $p\bar{p}$ Collisions at $\sqrt{s} = 1.96$ TeV}",
    journal   = "Phys. Rev. Lett.",
    volume    = "103",
    year      = "2009",
    pages     = "101802",
    eprint    = "0906.5613",
    archivePrefix = "arXiv",
    primaryClass  =  "hep-ex",
    doi       = "10.1103/PhysRevLett.103.101802",
    SLACcitation  = "%%CITATION = 0906.5613;%%"
}

@Article{arXiv:1202.1408,
    author    = "Aad, Georges",
collaboration = "ATLAS",
    title     = "{Combined search for the Standard Model Higgs boson using
                 up to 4.9 fb$^{-1}$ of $pp$ collision data at $\sqrt{s}=7$
                 TeV with the ATLAS detector at the LHC}",
    journal   = "Phys. Lett.",
    volume    = "B710",
    year      = "2012",
    pages     = "49-66",
    eprint    = "1202.1408",
    archivePrefix = "arXiv",
    primaryClass  =  "hep-ex",
    doi       = "10.1016/j.physletb.2012.02.044",
    SLACcitation  = "%%CITATION = 1202.1408;%%"
}

@Article{arXiv:1407.6583,
    author    = ",",
collaboration = "ATLAS",
    title     = "{Search for Scalar Diphoton Resonances in the Mass Range
                 $65-600$ GeV with the ATLAS Detector in $pp$ Collision Data
                 at $\sqrt{s}$ = 8 $TeV$}",
    year      = "2014",
    eprint    = "1407.6583",
    archivePrefix = "arXiv",
    primaryClass  =  "hep-ex",
    SLACcitation  = "%%CITATION = 1407.6583;%%"
}

@Article{arXiv:1509.00389,
    author    = ",",
collaboration = "ATLAS",
    title     = "{Search for a high-mass Higgs boson decaying to a $W$ boson
                 pair in $pp$ collisions at $\sqrt{s} = 8$ TeV with the
                 ATLAS detector}",
    year      = "2015",
    eprint    = "1509.00389",
    archivePrefix = "arXiv",
    primaryClass  =  "hep-ex",
    SLACcitation  = "%%CITATION = 1509.00389;%%"
}

@Article{hep-ex/0404012,
    author    = "Abdallah, J. and others",
collaboration = "DELPHI",
    title     = "{Search for charged Higgs bosons at LEP in general two
                 Higgs doublet  models}",
    journal   = "Eur. Phys. J.",
    volume    = "C34",
    year      = "2004",
    pages     = "399-418",
    eprint    = "hep-ex/0404012",
    archivePrefix = "arXiv",
    doi       = "10.1140/epjc/s2004-01732-6",
    SLACcitation  = "%%CITATION = HEP-EX/0404012;%%"
}

@Article{arXiv:0901.1887,
    author    = "Abazov, V. M. and others",
collaboration = "D0",
    title     = "{Search for Resonant Diphoton Production with the D0
                 Detector}",
    journal   = "Phys. Rev. Lett.",
    volume    = "102",
    year      = "2009",
    pages     = "231801",
    eprint    = "0901.1887",
    archivePrefix = "arXiv",
    primaryClass  =  "hep-ex",
    doi       = "10.1103/PhysRevLett.102.231801",
    SLACcitation  = "%%CITATION = 0901.1887;%%"
}

% No SPIRES record found for cite request CDFnotes,D0notes,CMSnotes

% No SPIRES record found for cite request ATLASnotes,LHWGnotes

@Article{hep-ph/9704448,
    author    = "Djouadi, A. and Kalinowski, J. and Spira, M.",
    title     = "{HDECAY: A program for Higgs boson decays in the standard
                 model and its  supersymmetric extension}",
    journal   = "Comput. Phys. Commun.",
    volume    = "108",
    year      = "1998",
    pages     = "56-74",
    eprint    = "hep-ph/9704448",
    archivePrefix = "arXiv",
    doi       = "10.1016/S0010-4655(97)00123-9",
    SLACcitation  = "%%CITATION = HEP-PH/9704448;%%"
}

@Article{hep-ph/0102227,
    author    = "Catani, Stefano and de Florian, Daniel and Grazzini,
                 Massimiliano",
    title     = "{Higgs production in hadron collisions: Soft and virtual
                 QCD corrections  at NNLO}",
    journal   = "JHEP",
    volume    = "05",
    year      = "2001",
    pages     = "025",
    eprint    = "hep-ph/0102227",
    archivePrefix = "arXiv",
    SLACcitation  = "%%CITATION = HEP-PH/0102227;%%"
}

@Article{hep-ph/0102241,
    author    = "Harlander, Robert V. and Kilgore, William B.",
    title     = "{Soft and virtual corrections to p p --> H + X at NNLO}",
    journal   = "Phys. Rev.",
    volume    = "D64",
    year      = "2001",
    pages     = "013015",
    eprint    = "hep-ph/0102241",
    archivePrefix = "arXiv",
    doi       = "10.1103/PhysRevD.64.013015",
    SLACcitation  = "%%CITATION = HEP-PH/0102241;%%"
}

@Article{hep-ph/0201206,
    author    = "Harlander, Robert V. and Kilgore, William B.",
    title     = "{Next-to-next-to-leading order Higgs production at hadron
                 colliders}",
    journal   = "Phys. Rev. Lett.",
    volume    = "88",
    year      = "2002",
    pages     = "201801",
    eprint    = "hep-ph/0201206",
    archivePrefix = "arXiv",
    doi       = "10.1103/PhysRevLett.88.201801",
    SLACcitation  = "%%CITATION = HEP-PH/0201206;%%"
}

@Article{hep-ph/0207004,
    author    = "Anastasiou, Charalampos and Melnikov, Kirill",
    title     = "{Higgs boson production at hadron colliders in NNLO QCD}",
    journal   = "Nucl. Phys.",
    volume    = "B646",
    year      = "2002",
    pages     = "220-256",
    eprint    = "hep-ph/0207004",
    archivePrefix = "arXiv",
    doi       = "10.1016/S0550-3213(02)00837-4",
    SLACcitation  = "%%CITATION = HEP-PH/0207004;%%"
}

@Article{hep-ph/0302135,
    author    = "Ravindran, V. and Smith, J. and van Neerven, W. L.",
    title     = "{NNLO corrections to the total cross section for Higgs
                 boson production  in hadron hadron collisions}",
    journal   = "Nucl. Phys.",
    volume    = "B665",
    year      = "2003",
    pages     = "325-366",
    eprint    = "hep-ph/0302135",
    archivePrefix = "arXiv",
    doi       = "10.1016/S0550-3213(03)00457-7",
    SLACcitation  = "%%CITATION = HEP-PH/0302135;%%"
}

@Article{arXiv:0811.3458,
    author    = "Anastasiou, Charalampos and Boughezal, Radja and Petriello,
                 Frank",
    title     = "{Mixed QCD-electroweak corrections to Higgs boson
                 production in gluon fusion}",
    journal   = "JHEP",
    volume    = "04",
    year      = "2009",
    pages     = "003",
    eprint    = "0811.3458",
    archivePrefix = "arXiv",
    primaryClass  =  "hep-ph",
    doi       = "10.1088/1126-6708/2009/04/003",
    SLACcitation  = "%%CITATION = 0811.3458;%%"
}

@Article{Dawson:1990zj,
    author    = "Dawson, S.",
    title     = "{Radiative corrections to Higgs boson production}",
    journal   = "Nucl. Phys.",
    volume    = "B359",
    year      = "1991",
    pages     = "283-300",
    doi       = "10.1016/0550-3213(91)90061-2",
    SLACcitation  = "%%CITATION = NUPHA,B359,283;%%"
}

@Article{Djouadi:1991tka,
    author    = "Djouadi, A. and Spira, M. and Zerwas, P. M.",
    title     = "{Production of Higgs bosons in proton colliders: QCD
                 corrections}",
    journal   = "Phys. Lett.",
    volume    = "B264",
    year      = "1991",
    pages     = "440-446",
    doi       = "10.1016/0370-2693(91)90375-Z",
    SLACcitation  = "%%CITATION = PHLTA,B264,440;%%"
}

@Article{hep-ph/9504378,
    author    = "Spira, M. and Djouadi, A. and Graudenz, D. and Zerwas, P.
                 M.",
    title     = "{Higgs boson production at the LHC}",
    journal   = "Nucl. Phys.",
    volume    = "B453",
    year      = "1995",
    pages     = "17-82",
    eprint    = "hep-ph/9504378",
    archivePrefix = "arXiv",
    doi       = "10.1016/0550-3213(95)00379-7",
    SLACcitation  = "%%CITATION = HEP-PH/9504378;%%"
}

@Article{hep-ph/0404071,
    author    = "Aglietti, U. and Bonciani, R. and Degrassi, G. and Vicini,
                 A.",
    title     = "{Two-loop light fermion contribution to Higgs production
                 and decays}",
    journal   = "Phys. Lett.",
    volume    = "B595",
    year      = "2004",
    pages     = "432-441",
    eprint    = "hep-ph/0404071",
    archivePrefix = "arXiv",
    doi       = "10.1016/j.physletb.2004.06.063",
    SLACcitation  = "%%CITATION = HEP-PH/0404071;%%"
}

@Article{hep-ph/0407249,
    author    = "Degrassi, Giuseppe and Maltoni, Fabio",
    title     = "{Two-loop electroweak corrections to Higgs production at
                 hadron  colliders}",
    journal   = "Phys. Lett.",
    volume    = "B600",
    year      = "2004",
    pages     = "255-260",
    eprint    = "hep-ph/0407249",
    archivePrefix = "arXiv",
    doi       = "10.1016/j.physletb.2004.09.008",
    SLACcitation  = "%%CITATION = HEP-PH/0407249;%%"
}

@Article{arXiv:0809.1301,
    author    = "Actis, Stefano and Passarino, Giampiero and Sturm,
                 Christian and Uccirati, Sandro",
    title     = "{NLO Electroweak Corrections to Higgs Boson Production at
                 Hadron Colliders}",
    journal   = "Phys. Lett.",
    volume    = "B670",
    year      = "2008",
    pages     = "12-17",
    eprint    = "0809.1301",
    archivePrefix = "arXiv",
    primaryClass  =  "hep-ph",
    doi       = "10.1016/j.physletb.2008.10.018",
    SLACcitation  = "%%CITATION = 0809.1301;%%"
}

@Article{arXiv:0809.3667,
    author    = "Actis, Stefano and Passarino, Giampiero and Sturm,
                 Christian and Uccirati, Sandro",
    title     = "{NNLO Computational Techniques: the Cases $H \to \gamma
                 \gamma$ and $H \to g g$}",
    journal   = "Nucl. Phys.",
    volume    = "B811",
    year      = "2009",
    pages     = "182-273",
    eprint    = "0809.3667",
    archivePrefix = "arXiv",
    primaryClass  =  "hep-ph",
    doi       = "10.1016/j.nuclphysb.2008.11.024",
    SLACcitation  = "%%CITATION = 0809.3667;%%"
}

@Article{hep-ph/0306211,
    author    = "Catani, Stefano and de Florian, Daniel and Grazzini,
                 Massimiliano and Nason, Paolo",
    title     = "{Soft-gluon resummation for Higgs boson production at
                 hadron colliders}",
    journal   = "JHEP",
    volume    = "07",
    year      = "2003",
    pages     = "028",
    eprint    = "hep-ph/0306211",
    archivePrefix = "arXiv",
    SLACcitation  = "%%CITATION = HEP-PH/0306211;%%"
}

@Article{arXiv:0901.2427,
    author    = "de Florian, Daniel and Grazzini, Massimiliano",
    title     = "{Higgs production through gluon fusion: updated cross
                 sections at the Tevatron and the LHC}",
    journal   = "Phys. Lett.",
    volume    = "B674",
    year      = "2009",
    pages     = "291-294",
    eprint    = "0901.2427",
    archivePrefix = "arXiv",
    primaryClass  =  "hep-ph",
    doi       = "10.1016/j.physletb.2009.03.033",
    SLACcitation  = "%%CITATION = 0901.2427;%%"
}

@Article{hep-ph/0307206,
    author    = "Brein, Oliver and Djouadi, Abdelhak and Harlander, Robert",
    title     = "{NNLO QCD corrections to the Higgs-strahlung processes at
                 hadron  colliders}",
    journal   = "Phys. Lett.",
    volume    = "B579",
    year      = "2004",
    pages     = "149-156",
    eprint    = "hep-ph/0307206",
    archivePrefix = "arXiv",
    doi       = "10.1016/j.physletb.2003.10.112",
    SLACcitation  = "%%CITATION = HEP-PH/0307206;%%"
}

@Article{hep-ph/0306234,
    author    = "Ciccolini, M. L. and Dittmaier, S. and Kramer, M.",
    title     = "{Electroweak radiative corrections to associated W H and Z
                 H production  at hadron colliders}",
    journal   = "Phys. Rev.",
    volume    = "D68",
    year      = "2003",
    pages     = "073003",
    eprint    = "hep-ph/0306234",
    archivePrefix = "arXiv",
    doi       = "10.1103/PhysRevD.68.073003",
    SLACcitation  = "%%CITATION = HEP-PH/0306234;%%"
}

@Article{hep-ph/0406152,
    author    = "Assamagan, K. A. and others",
collaboration = "Higgs Working Group",
    title     = "{The Higgs working group: Summary report 2003}",
    year      = "2004",
    eprint    = "hep-ph/0406152",
    archivePrefix = "arXiv",
    SLACcitation  = "%%CITATION = HEP-PH/0406152;%%"
}

@Article{hep-ph/0304035,
    author    = "Harlander, Robert V. and Kilgore, William B.",
    title     = "{Higgs boson production in bottom quark fusion at  next-to-
                 next-to-leading order}",
    journal   = "Phys. Rev.",
    volume    = "D68",
    year      = "2003",
    pages     = "013001",
    eprint    = "hep-ph/0304035",
    archivePrefix = "arXiv",
    doi       = "10.1103/PhysRevD.68.013001",
    SLACcitation  = "%%CITATION = HEP-PH/0304035;%%"
}

@Article{hep-ph/9206246,
    author    = "Han, Tao and Valencia, G. and Willenbrock, S.",
    title     = "{Structure function approach to vector boson scattering in
                 p p collisions}",
    journal   = "Phys. Rev. Lett.",
    volume    = "69",
    year      = "1992",
    pages     = "3274-3277",
    eprint    = "hep-ph/9206246",
    archivePrefix = "arXiv",
    doi       = "10.1103/PhysRevLett.69.3274",
    SLACcitation  = "%%CITATION = HEP-PH/9206246;%%"
}

@Article{hep-ph/9905386,
    author    = "Campbell, John M. and Ellis, R. Keith",
    title     = "{An update on vector boson pair production at hadron
                 colliders}",
    journal   = "Phys. Rev.",
    volume    = "D60",
    year      = "1999",
    pages     = "113006",
    eprint    = "hep-ph/9905386",
    archivePrefix = "arXiv",
    doi       = "10.1103/PhysRevD.60.113006",
    SLACcitation  = "%%CITATION = HEP-PH/9905386;%%"
}

@Article{hep-ph/0306109,
    author    = "Figy, T. and Oleari, C. and Zeppenfeld, D.",
    title     = "{Next-to-leading order jet distributions for Higgs boson
                 production via  weak-boson fusion}",
    journal   = "Phys. Rev.",
    volume    = "D68",
    year      = "2003",
    pages     = "073005",
    eprint    = "hep-ph/0306109",
    archivePrefix = "arXiv",
    doi       = "10.1103/PhysRevD.68.073005",
    SLACcitation  = "%%CITATION = HEP-PH/0306109;%%"
}

@Article{hep-ph/0403194,
    author    = "Berger, Edmond L. and Campbell, John M.",
    title     = "{Higgs boson production in weak boson fusion at next-to-
                 leading order}",
    journal   = "Phys. Rev.",
    volume    = "D70",
    year      = "2004",
    pages     = "073011",
    eprint    = "hep-ph/0403194",
    archivePrefix = "arXiv",
    doi       = "10.1103/PhysRevD.70.073011",
    SLACcitation  = "%%CITATION = HEP-PH/0403194;%%"
}

@Article{hep-ph/0612172,
    author    = "Aglietti, U. and others",
    title     = "{Tevatron for LHC report: Higgs}",
    year      = "2006",
    eprint    = "hep-ph/0612172",
    archivePrefix = "arXiv",
    SLACcitation  = "%%CITATION = HEP-PH/0612172;%%"
}

@Article{hep-ph/0107081,
    author    = "Beenakker, W. and others",
    title     = "{Higgs radiation off top quarks at the Tevatron and the
                 LHC}",
    journal   = "Phys. Rev. Lett.",
    volume    = "87",
    year      = "2001",
    pages     = "201805",
    eprint    = "hep-ph/0107081",
    archivePrefix = "arXiv",
    doi       = "10.1103/PhysRevLett.87.201805",
    SLACcitation  = "%%CITATION = HEP-PH/0107081;%%"
}

@Article{hep-ph/0107101,
    author    = "Reina, L. and Dawson, S.",
    title     = "{Next-to-leading order results for t anti-t h production at
                 the  Tevatron}",
    journal   = "Phys. Rev. Lett.",
    volume    = "87",
    year      = "2001",
    pages     = "201804",
    eprint    = "hep-ph/0107101",
    archivePrefix = "arXiv",
    doi       = "10.1103/PhysRevLett.87.201804",
    SLACcitation  = "%%CITATION = HEP-PH/0107101;%%"
}

@Article{hep-ph/0211438,
    author    = "Dawson, S. and Orr, L. H. and Reina, L. and Wackeroth, D.",
    title     = "{Associated top quark Higgs boson production at the LHC}",
    journal   = "Phys. Rev.",
    volume    = "D67",
    year      = "2003",
    pages     = "071503",
    eprint    = "hep-ph/0211438",
    archivePrefix = "arXiv",
    doi       = "10.1103/PhysRevD.67.071503",
    SLACcitation  = "%%CITATION = HEP-PH/0211438;%%"
}

@Article{hep-ph/0305321,
    author    = "Brein, Oliver and Hollik, Wolfgang",
    title     = "{MSSM Higgs bosons associated with high-p(T) jets at hadron
                 colliders}",
    journal   = "Phys. Rev.",
    volume    = "D68",
    year      = "2003",
    pages     = "095006",
    eprint    = "hep-ph/0305321",
    archivePrefix = "arXiv",
    doi       = "10.1103/PhysRevD.68.095006",
    SLACcitation  = "%%CITATION = HEP-PH/0305321;%%"
}

@Article{arXiv:0705.2744,
    author    = "Brein, Oliver and Hollik, Wolfgang",
    title     = "{Distributions for MSSM Higgs boson + jet production at
                 hadron colliders}",
    journal   = "Phys. Rev.",
    volume    = "D76",
    year      = "2007",
    pages     = "035002",
    eprint    = "0705.2744",
    archivePrefix = "arXiv",
    primaryClass  =  "hep-ph",
    doi       = "10.1103/PhysRevD.76.035002",
    SLACcitation  = "%%CITATION = 0705.2744;%%"
}

@Article{arXiv:0707.0381,
    author    = "Ciccolini, M. and Denner, Ansgar and Dittmaier, S.",
    title     = "{Strong and electroweak corrections to the production of
                 Higgs+2jets via weak interactions at the LHC}",
    journal   = "Phys. Rev. Lett.",
    volume    = "99",
    year      = "2007",
    pages     = "161803",
    eprint    = "0707.0381",
    archivePrefix = "arXiv",
    primaryClass  =  "hep-ph",
    doi       = "10.1103/PhysRevLett.99.161803",
    SLACcitation  = "%%CITATION = 0707.0381;%%"
}

@Article{arXiv:0710.4749,
    author    = "Ciccolini, Mariano and Denner, Ansgar and Dittmaier, Stefan
                 ",
    title     = "{Electroweak and QCD corrections to Higgs production via
                 vector-boson fusion at the LHC}",
    journal   = "Phys. Rev.",
    volume    = "D77",
    year      = "2008",
    pages     = "013002",
    eprint    = "0710.4749",
    archivePrefix = "arXiv",
    primaryClass  =  "hep-ph",
    doi       = "10.1103/PhysRevD.77.013002",
    SLACcitation  = "%%CITATION = 0710.4749;%%"
}

@Article{arXiv:1101.0593,
    author    = "Dittmaier, S. and others",
collaboration = "LHC Higgs Cross Section Working Group",
    title     = "{Handbook of LHC Higgs Cross Sections: 1. Inclusive
                 Observables}",
    year      = "2011",
    eprint    = "1101.0593",
    archivePrefix = "arXiv",
    primaryClass  =  "hep-ph",
    SLACcitation  = "%%CITATION = 1101.0593;%%"
}

@Article{arXiv:1201.3084,
    author    = "Dittmaier, S. and others",
    title     = "{Handbook of LHC Higgs Cross Sections: 2. Differential
                 Distributions}",
    year      = "2012",
    eprint    = "1201.3084",
    archivePrefix = "arXiv",
    primaryClass  =  "hep-ph",
    SLACcitation  = "%%CITATION = 1201.3084;%%"
}

@Article{arXiv:1307.1347,
    author    = "The LHC Higgs Cross Section Working Group, and others",
    title     = "{Handbook of LHC Higgs Cross Sections: 3. Higgs
                 Properties}",
    year      = "2013",
    eprint    = "1307.1347",
    archivePrefix = "arXiv",
    primaryClass  =  "hep-ph",
    SLACcitation  = "%%CITATION = 1307.1347;%%"
}